@misc{huskyugv,
  author = "{Clearpath Robotics}",
  title = "{Husky Unmanned Ground Vehicle (UGV)}",
  howpublished = "\url{https://clearpathrobotics.com/husky-unmanned-ground-vehicle-robot/}",
  year = "2023",
  note = "[Online; accessed 1-May-2023]"
}
@misc{turtlebot3,
  author = "{ROBOTIS}",
  title = "{TurtleBot3 Features - Specifications}",
  howpublished = "\url{https://emanual.robotis.com/docs/en/platform/turtlebot3/features/#specifications}",
  year = "2023",
  note = "[Online; accessed 1-May-2023]"
}
@misc{opencr10,
  author = "{ROBOTIS}",
  title = "{OpenCR1.0 Controller}",
  howpublished = "\url{https://emanual.robotis.com/docs/en/parts/controller/opencr10/}",
  year = "2023",
  note = "[Online; accessed 1-May-2023]"
}
@misc{lds01,
  author = "{ROBOTIS}",
  title = "{TurtleBot3 - Appendix - LDS-01}",
  howpublished = "\url{https://emanual.robotis.com/docs/en/platform/turtlebot3/appendix_lds_01/}",
  year = "2023",
  note = "[Online; accessed 1-May-2023]"
}
@misc{ubuntu,
  author = "{Canonical Ltd.}",
  title = "{About Ubuntu}",
  howpublished = "\url{https://ubuntu.com/about}",
  year = "2023",
  note = "[Online; accessed 1-May-2023]"
}
@misc{osi,
  author = "{Open Source Initiative}",
  title = "{The Open Source Definition}",
  howpublished = "\url{https://opensource.org/docs/osd}",
  year = "2023",
  note = "[Online; accessed 1-May-2023]"
}
@manual{rosfoxydocs,
  author = "{ROS Development Team}",
  title = "{ROS Foxy Fitzroy Documentation}",
  organization = "Open Robotics",
  address = "Mountain View, CA, USA",
  edition = "1.0",
  year = "2023",
  month = "March",
  note = "[Online; accessed 1-May-2023]",
  url = "https://docs.ros.org/en/foxy/index.html"
}
@misc{rosnavigation,
  author = "{ROS Navigation Development Team}",
  title = "{ROS Navigation}",
  howpublished = "\url{https://navigation.ros.org/index.html}",
  year = "2023",
  note = "[Online; accessed 1-May-2023]"
}
@misc{rosnavAPI,
  author = "{ROS Navigation Stack Development Team}",
  title = "{Commander API Documentation}",
  howpublished = "\url{https://navigation.ros.org/commander_api/index.html}",
  year = "2023",
  note = "[Online; accessed 1-May-2023]"
}

@misc{ubuntu20_04,
  title = "{Ubuntu 20.04.6 Release}",
  howpublished = "\url{https://releases.ubuntu.com/20.04.6/?_ga=2.205299408.1390376673.1683208512-557571826.1683208512}",
  year = "2021",
  note = "[Online; accessed 1-May-2023]"
}
@misc{rosfoxyinstall,
  author = "{ROS Development Team}",
  title = "{ROS Foxy Installation Guide}",
  howpublished = "\url{https://docs.ros.org/en/foxy/Installation/Ubuntu-Install-Debians.html}",
  year = "2021",
  note = "[Online; accessed 1-May-2023]"
}
@misc{rosgalacticinstall,
  author = "{ROS Development Team}",
  title = "{ROS Galactic Installation Guide}",
  howpublished = "\url{https://docs.ros.org/en/galactic/Installation/Ubuntu-Install-Debians.html}",
  year = "2021",
  note = "[Online; accessed 1-May-2023]"
}
@misc{rosnavinstall,
  author = "{ROS Development Team}",
  title = "{ROS Navigation Installation Guide}",
  howpublished = "\url{https://navigation.ros.org/getting_started/index.html#installation}",
  year = "2021",
  note = "[Online; accessed 1-May-2023]"
}
@misc{huskyinstall,
  author = "{Clearpath Robotics}",
  title = "{Husky Installation Guide}",
  howpublished = "\url{https://clearpathrobotics.com/assets/guides/foxy/husky/HuskyInstallSoftware.html}",
  year = "2021",
  note = "[Online; accessed 1-May-2023]"
}
@misc{uiahusky,
  author = "{Ørjan Øvsthus, Didrik Robsrud and Lars Muggerud}",
  title = "{UIA Husky 0776 Repository}",
  howpublished = "\url{https://github.com/orjano-max/uia_husky_0776}",
  year = "2023",
  note = "[Online; accessed 1-May-2023]"
}
@misc{um7imu,
  author = "{Mike Ferguson}",
  title = "{UM7 IMU Driver Repository}",
  howpublished = "\url{https://github.com/mikeferguson/um7/tree/4140e534677b0be6eacd7061467ec66c0c1f5430}",
  year = "2023",
  note = "[Online; accessed 1-May-2023]"
}

@misc{ousterros,
  author = "{ROS Drivers Development Team}",
  title = "{ROS2 Ouster Drivers Repository}",
  howpublished = "\url{https://github.com/ros-drivers/ros2_ouster_drivers}",
  year = "2023",
  note = "[Online; accessed 1-May-2023]"
}

@misc{pcl2laser,
  author = "{ROS Perception Development Team}",
  title = "{pointcloud_to_laserscan Repository}",
  howpublished = "\url{https://github.com/ros-perception/pointcloud_to_laserscan}",
  year = "2023",
  note = "[Online; accessed 1-May-2023]"
}
@misc{turtlebot3galactic,
  author = "{ROBOTIS}",
  title = "{TurtleBot3 Repository - Galactic-devel Branch}",
  howpublished = "\url{https://github.com/ROBOTIS-GIT/turtlebot3/tree/galactic-devel}",
  year = "2021",
  note = "[Online; accessed 1-May-2023]"
}
@misc{masteruia,
  author = "{Lars Muggerud}",
  title = "{Master's Thesis Project GitHub}",
  howpublished = "\url{https://github.com/Lars-33/masteruia}",
  year = "2023",
  note = "[Online; accessed 1-May-2023]"
}
@misc{slamtoolboxgithub,
  author = {Macenski, Steve and others},
  title = {slam_toolbox},
  year = {2022},
  howpublished = {\url{https://github.com/SteveMacenski/slam_toolbox}},
  note = {Accessed: May 1, 2023}
}



%% multi robot video
@misc{MultiRobotNav2,
  author = "{The Construct}",
  title = "{Multi-robot Navigation in ROS2}",
  howpublished = "\url{https://youtu.be/cGUueuIAFgw}",
  year = "2023",
  note = "[Online; accessed 1-May-2023]"
}

@online{youtube_playlist_results,
  author = "{Lars Muggerud}",
  title = "{Youtube_playlist_results}",
  url = "https://www.youtube.com/watch?v=-G43Wb_cV2Q&list=PLsBmWBoOvty4izgzi_VOlFr1dqS5ug7pq",
  year = "2023",
  note = "[Online; accessed 7-May-2023]"
}
